@article{alur2017streaming,
  title={Streaming tree transducers},
  author={Alur, Rajeev and D'antoni, Loris},
  journal={Journal of the ACM (JACM)},
  volume={64},
  number={5},
  pages={31},
  year={2017},
  publisher={ACM}
}

@article{schlingloff1992expressive,
  title={Expressive completeness of temporal logic of trees},
  author={Schlingloff, Bernd-Holger},
  journal={Journal of Applied Non-Classical Logics},
  volume={2},
  number={2},
  pages={157--180},
  year={1992},
  publisher={Taylor \& Francis}
}
